@book{OperatingSystemConcept,
    author = "Abraham Silberschatz and Peter Baer Galvin and Greg Gagne",
    title = "Operating System Concepts 10th edition",
    publisher = "John Wiley \& Sons, Inc",
    year = "2018"
}
@book{OSM,
    author = "Andrew S. Tanenbaum and Herbert Bos",
    title = "Modern Operating Systems 4th edition",
    publisher = "Pearson Education",
    year = "2014"
}
@book{LBS,
    author = "Allen B. Downey",
    title = "The Little Book of Semaphores version 2.2.1",
    publisher = "Green Tea Press",
    year ="2016" 
}